<record xmlns="http://www.loc.gov/MARC21/slim" xmlns:xsi="http://www.w3.org/2001/XMLSchema-instance" xsi:schemaLocation="http://www.loc.gov/MARC21/slim http://www.loc.gov/standards/marcxml/schema/MARC21slim.xsd"><leader>02304nam a2200445   4500</leader><controlfield tag="001">3068384</controlfield><controlfield tag="003">NNC</controlfield><controlfield tag="006">m        d        </controlfield><controlfield tag="007">cr cn |||m|||a</controlfield><controlfield tag="008">150110s1947    ua      o     000 0 arao </controlfield><datafield ind1=" " ind2=" " tag="040"><subfield code="a">NNU</subfield><subfield code="b">eng</subfield><subfield code="e">rda</subfield><subfield code="c">NNU</subfield></datafield><datafield ind1=" " ind2=" " tag="043"><subfield code="a">f-ua---</subfield></datafield><datafield ind1=" " ind2="4" tag="050"><subfield code="a">DT70</subfield><subfield code="b">.H23</subfield></datafield><datafield ind1="1" ind2=" " tag="100"><subfield code="6">880-01</subfield><subfield code="a">H&#803;amzah, &#699;Abd al-Lat&#803;i&#772;f.</subfield></datafield><datafield ind1="1" ind2="3" tag="245"><subfield code="6">880-02</subfield><subfield code="a">al-H&#803;arakah al-fikri&#772;yah fi Mis&#803;r fi&#772; al-&#699;as&#803;rayn al-Ayyu&#772;bi&#772; wa-al-Mamlu&#772;ki&#772; al-awwal /</subfield><subfield code="c">ta&#700;li&#772;f &#699;Abd al-Lat&#803;i&#772;f H&#803;amzah.</subfield></datafield><datafield ind1=" " ind2=" " tag="250"><subfield code="6">880-03</subfield><subfield code="a">al-T&#803;ab&#699;ah 1.</subfield></datafield><datafield ind1=" " ind2=" " tag="260"><subfield code="6">880-04</subfield><subfield code="a">[Cairo] :</subfield><subfield code="b">Da&#772;r al-Fikr al-&#699;Arabi&#772;,</subfield><subfield code="c">[1947?]</subfield></datafield><datafield ind1=" " ind2=" " tag="300"><subfield code="a">online resource (3, 403 pages)</subfield></datafield><datafield ind1=" " ind2=" " tag="336"><subfield code="a">text</subfield><subfield code="2">rdacontent</subfield></datafield><datafield ind1=" " ind2=" " tag="337"><subfield code="a">computer</subfield><subfield code="2">rdamedia</subfield></datafield><datafield ind1=" " ind2=" " tag="338"><subfield code="a">online resource</subfield><subfield code="2">rdacarrier</subfield></datafield><datafield ind1=" " ind2=" " tag="500"><subfield code="a">Part of the Arabic Collections Online (ACO) project, contributed by Columbia University Libraries.</subfield></datafield><datafield ind1=" " ind2=" " tag="533"><subfield code="a">Electronic reproduction.</subfield><subfield code="b">New York, N.Y. :</subfield><subfield code="c">New York University,</subfield><subfield code="d">2015.</subfield><subfield code="5">NNU</subfield></datafield><datafield ind1=" " ind2="0" tag="651"><subfield code="a">Egypt</subfield><subfield code="x">History</subfield><subfield code="y">640-1882.</subfield></datafield><datafield ind1=" " ind2="0" tag="651"><subfield code="a">Egypt</subfield><subfield code="x">Intellectual life.</subfield></datafield><datafield ind1=" " ind2="7" tag="650"><subfield code="a">Intellectual life.</subfield><subfield code="2">fast</subfield><subfield code="0">(OCoLC)fst00975769</subfield></datafield><datafield ind1=" " ind2="7" tag="651"><subfield code="a">Egypt.</subfield><subfield code="2">fast</subfield><subfield code="0">(OCoLC)fst01208755</subfield></datafield><datafield ind1=" " ind2="7" tag="648"><subfield code="a">640 - 1882</subfield><subfield code="2">fast</subfield></datafield><datafield ind1=" " ind2="7" tag="655"><subfield code="a">History.</subfield><subfield code="2">fast</subfield><subfield code="0">(OCoLC)fst01411628</subfield></datafield><datafield ind1="2" ind2=" " tag="710"><subfield code="a">Columbia University.</subfield><subfield code="b">Libraries.</subfield></datafield><datafield ind1="0" ind2=" " tag="730"><subfield code="a">Arabic Collections Online.</subfield></datafield><datafield ind1="0" ind2="8" tag="776"><subfield code="i">Online version:</subfield><subfield code="a">H&#803;amzah, &#699;Abd al-Lat&#803;i&#772;f.</subfield><subfield code="t">H&#803;arakah al-fikri&#772;yah fi Mis&#803;r fi&#772; al-&#699;as&#803;rayn al-Ayyu&#772;bi&#772; wa-al-Mamlu&#772;ki&#772; al-awwal.</subfield><subfield code="b">al-T&#803;ab&#699;ah 1.</subfield><subfield code="d">[Cairo] : Da&#772;r al-Fikr al-&#699;Arabi&#772;, [1947?]</subfield><subfield code="w">(OCoLC)644013672</subfield></datafield><datafield ind1="0" ind2="8" tag="776"><subfield code="i">Print version:</subfield><subfield code="a">H&#803;amzah, &#699;Abd al-Lat&#803;i&#772;f.</subfield><subfield code="t">al-H&#803;arakah al-fikri&#772;yah fi Mis&#803;r fi&#772; al-&#699;as&#803;rayn al-Ayyu&#772;bi&#772; wa-al-Mamlu&#772;ki&#772; al-awwal</subfield><subfield code="w">(NNC)3068384</subfield><subfield code="w">(DLC)   60036635 </subfield><subfield code="w">(OCoLC)23489739</subfield></datafield><datafield ind1="4" ind2="0" tag="856"><subfield code="u">http://hdl.handle.net/2333.1/g79cnr1g</subfield></datafield><datafield ind1="1" ind2=" " tag="880"><subfield code="6">100-01/r</subfield><subfield code="a">&#1581;&#1605;&#1586;&#1577;&#1548; &#1593;&#1576;&#1583;&#1575;&#1604;&#1604;&#1591;&#1610;&#1601;.</subfield></datafield><datafield ind1="1" ind2="2" tag="880"><subfield code="6">245-02/r</subfield><subfield code="a">&#1575;&#1604;&#1581;&#1585;&#1603;&#1577; &#1575;&#1604;&#1601;&#1603;&#1585;&#1610;&#1577; &#1601;&#1610; &#1605;&#1589;&#1585; &#1601;&#1610; &#1575;&#1604;&#1593;&#1589;&#1585;&#1610;&#1606; &#1575;&#1604;&#1571;&#1610;&#1608;&#1576;&#1610; &#1608;&#1575;&#1604;&#1605;&#1605;&#1604;&#1608;&#1603;&#1610; &#1575;&#1604;&#1571;&#1608;&#1604; /</subfield><subfield code="c">&#1578;&#1571;&#1604;&#1610;&#1601; &#1593;&#1576;&#1583;&#1575;&#1604;&#1604;&#1591;&#1610;&#1601; &#1581;&#1605;&#1586;&#1607;.</subfield></datafield><datafield ind1=" " ind2=" " tag="880"><subfield code="6">250-03/r</subfield><subfield code="a">&#1575;&#1604;&#1591;&#1576;&#1593;&#1577; &#1633;.</subfield></datafield><datafield ind1=" " ind2=" " tag="880"><subfield code="6">260-04/r</subfield><subfield code="a">[&#1575;&#1604;&#1602;&#1575;&#1607;&#1585;&#1577;] :</subfield><subfield code="b">&#1583;&#1575;&#1585; &#1575;&#1604;&#1601;&#1603;&#1585; &#1575;&#1604;&#1593;&#1585;&#1576;&#1610;&#1548;</subfield><subfield code="c">[&#1633;&#1641;&#1636;&#1639;&#1567;]</subfield></datafield><datafield ind1=" " ind2=" " tag="959"><subfield code="a">NNU</subfield><subfield code="b">WEB</subfield><subfield code="c">GENI</subfield><subfield code="t">0</subfield><subfield code="m">Electronic access</subfield><subfield code="s">01</subfield></datafield><datafield ind1=" " ind2=" " tag="999"><subfield code="i">NNC_3068384</subfield><subfield code="o">(OCoLC)ocm23489739 </subfield></datafield></record>